
@misc{paytonfisher_2021, title={Stroke Prediction ML Project - 96\% Score}, url={https://www.kaggle.com/paytonfisher/stroke-prediction-ml-project-96-score}, journal={Kaggle}, publisher={Kaggle}, author={Paytonfisher}, year={2021}, month={Jun}}


@misc{mariahchristy_2021, title={Stroke Dataset: EDA and Prediction: 96\% Accuracy}, url={https://www.kaggle.com/mariahchristy/stroke-dataset-eda-and-prediction-96-accuracy}, journal={Kaggle}, publisher={Kaggle}, author={Mariahchristy}, year={2021}, month={Jun}}

@article{BMI,
author = {Nuttall, Frank},
year = {2015},
month = {04},
pages = {1},
title = {Body Mass Index},
volume = {50},
journal = {Nutrition Today},
doi = {10.1097/NT.0000000000000092}
}