@misc{who,
    author    = "World Health Organization",
    title     = "The top 10 causes of death",
    url       = "https://www.who.int/news-room/fact-sheets/detail/the-top-10-causes-of-death"
}
