@misc{paytonfisher_2021,
 title={Stroke Prediction ML Project - 96\% Score},
 url={https://www.kaggle.com/paytonfisher/stroke-prediction-ml-project-96-score},
 journal={Kaggle},
 publisher={Kaggle},
 author={Paytonfisher},
 year={2021}, month={Jun}
}


@misc{mariahchristy_2021,
 title={Stroke Dataset: EDA and Prediction: 96\% Accuracy},
 url={https://www.kaggle.com/mariahchristy/stroke-dataset-eda-and-prediction-96-accuracy},
 journal={Kaggle},
 publisher={Kaggle},
 author={Mariahchristy},
 year={2021},
 month={Jun}
}
